@techreport{iSTAMPTR:2013,
   AUTHOR  = {M. Malboubi and L. Wang and C.N. Chuah and P. Sharma,},
   TITLE   = {Intelligent SDN based Traffic (de)Aggregation and Measurement Paradigm (\emph{\textbf{i}}STAMP): Technical Report},  
   YEAR    = {2013},
   title = {Technical Report},
note ="At: \url{http://www.ece.ucdavis.edu/cerl/techreports/2013-3/}"
}

@ARTICLE{IF14iSTAMP:2014,
   AUTHOR  = {M. Malboubi and L. Wang and C.N. Chuah and P. Sharma,},
   TITLE   = {Intelligent SDN based Traffic (de)Aggregation and Measurement Paradigm (\emph{\textbf{i}}STAMP)},  
   YEAR    = {2014},
   JOURNAL = {IEEE INFOCOM},
}

@ARTICLE{MDFE:2013,
   AUTHOR  = {M. Malboubi and C. Vu and C-N. Chuah and P. Sharma},
   TITLE   = {Decentralizing Network Inference Problems with Multiple-Description Fusion Estimation (MDFE)},  
   YEAR    = {April, 2013},
   JOURNAL = {IEEE INFOCOM},
   VOLUME  = {},
   ISSUE  = {},
   PAGES   = {}
}

@ARTICLE{GC13CSMDFE:2013,
   AUTHOR  = {M. Malboubi and C. Vu and C-N. Chuah and P. Sharma},
   TITLE   = {Compressive Sensing Network Inferrence with Multiple Description Fusion Estimation},  
   YEAR    = {2013},
   JOURNAL = {to be appear in IEEE GLOBECOM},
   VOLUME  = {},
   ISSUE  = {},
   PAGES   = {}
}

@techreport{CSMDFETR:2013,
   AUTHOR  = {M. Malboubi and C. Vu and C.N. Chuah and P. Sharma,},
   TITLE   = {Compressive Sensing Network Inferring with Multiple-Description Fusion Estimation: Technical Report},  
   YEAR    = {2013},
   title = {Technical Report},
note ="At: \url{www.ece.ucdavis.edu/cerl/techreports/2013-1/}"
}

@inproceedings{GhitaKAT:2011,
  author    = {D. Ghita and
               C. Karakus and
               K. J. Argyraki and
               P. Thiran},
  title     = {Shifting network tomography toward a practical goal},
  booktitle = {CoNEXT},
  year      = {2011},
  pages     = {24},
}

@inproceedings{Duffield:2004,
  author    = {Nick Duffield and Carsten Lund and Mikkel Thorup},
  title     = {Flow sampling under hard resource constraints},
  booktitle = { SIGMETRICS.},
  VOLUME  = {32},
   No  = {1},
  year      = {2004}
}

@InProceedings{Medina,
   AUTHOR  = {A. Medina and N. Taft and K. Salamatian and S. Bhattacharyya and C. Diot},
   TITLE   = {Traffic Matrix Estimation:Existing Techniques and New Directions},  
  YEAR    = {2002},
   booktitle = {ACM SIGCOMM},
   VOLUME  = {},
   ISSUE  = {},
   PAGES   = {}
}

@ARTICLE{Roughan:2012,
   AUTHOR  = {M, Roughan and Y. Zhang and W. Willinger and L. Qiu},
   TITLE   = {Spatio-Temporal Compressive Sensing and Internet Traffic Matrices},  
   YEAR    = {2012},
   JOURNAL = {IEEE/ACM Transactions on Networking},
   VOLUME  = {20},
   ISSUE  = {3},
   PAGES   = {662-676}
}

@ARTICLE{Roughan:2012,
AUTHOR = {M, Roughan and Y. Zhang and W. Willinger and L. Qiu},
TITLE = {Spatio-Temporal Compressive Sensing and Internet Traffic Matrices}, 
YEAR = {2012},
JOURNAL = {IEEE/ACM Transactions on Networking},
VOLUME = {20},
ISSUE = {3},
PAGES = {662-676}
}

@ARTICLE{HNguyen:2007,
AUTHOR = { H.X. Nguyen, and P. Thiran},
TITLE = {Network Loss Inference with Second Order Statistics of End-to-End Flows}, 
YEAR = {2007},
JOURNAL = { ACM-IMC}
}
@ARTICLE{QZhao:2006,
AUTHOR = { Q. Zhao and Z. Ge, and J. Wang and  J. Xu },
TITLE = { Robust Traffic Matrix Estimation with Imperfect Information: Making use of Multiple Data Sources }, 
YEAR = {2006},
JOURNAL = { ACM-SIGMETRICS}
}

@ARTICLE{Cao:2000,
AUTHOR = {J. Cao, and D. Davis and S.V. Wiel and B. Yu },
TITLE = { Time Varying Network Tomography: Router Link Data}, 
YEAR = {2000},
JOURNAL = {JNL of American Stat. Association},
VOLUME = {},
ISSUE = {},
PAGES = {}
}

@ InProceedings {Demmel:1997,
AUTHOR = { J.W. Demmel },
BOOKTITLE = {Applied Numerical Linear Algebra}, 
YEAR = {1997},
JOURNAL = {SIAM},
VOLUME = {},
ISSUE = {},
PAGES = {}
}

@MISC{Abilene,
TITLE = {Abilene traffic}, 
note = {www.cs.utexas.edu/~yzhang/research/AbileneTM}
}
@MISC{Uhlig:2006,
TITLE = {Geant network:}, 
note = {http://totem.info.ucl.ac.be/dataset.html}
}


@article{Duffield:1999,
AUTHOR = {N.G. Duffield and J. Horowitz and D.F. Towsley},
TITLE = {Multicast-based inference of network-internal loss characteristics}, 
YEAR = {2006},
JOURNAL = {IEEE Transactions on Information Theory},
VOLUME = {45},
ISSUE = {7},
PAGES = {2462-2480}
}

@ARTICLE{Benson:2010,
   AUTHOR  = {T. Benson, A. Akella, D.A. Maltz},
   TITLE   = {Network Traffic Characteristics of Data Centers in the Wild },  
   YEAR    = {2010},
   JOURNAL = {ACM-IMC},
   VOLUME  = {},
   ISSUE  = {},
note ="Data Center Data is Available At: \url{http://pages.cs.wisc.edu/~tbenson/IMC10_Data.html}"
}
@ARTICLE{Smith:2011,
   AUTHOR  = {R.D. Smith},
   TITLE   = {The Dynamics of Internet Traffic: Self-Similarity, Self-Organization, and Complex Phenomena},  
   YEAR    = {2011},
   JOURNAL = {Advances in Complex Systems},
   VOLUME  = {},
   ISSUE  = {},
   PAGES   = {905-949}
}

@ARTICLE{Ayres:2006,
   AUTHOR  = {P. Ayres and H. Sun and H. Chao and W. Lau},
   TITLE   = {ALPi: A DDoS Defense System for Hogh-Speed Networks},  
   YEAR    = {2006},
   JOURNAL = {IEEE Journal oc Selected Areas in Communications},
   VOLUME  = {24},
   No  = {10},
   Pages = {1864-1876}
}


@ARTICLE{Cheetancheri:2006,
   AUTHOR  = {S.G. Cheetancheri, and J.M. Agosta, and D.H. Dash, and K.N. Levitt, and J. Rowe and E.M. Schooler},
   TITLE   = {A Distributed host-based worm detection system},  
   YEAR    = {2006},
   JOURNAL = {ACM, SIGCOMM},
   VOLUME  = {},
   No  = {},
   Pages = {}
}


@article{Huang:2011,
  author    = {Guanyao Huang and
               Ashwin Lall and
               Chen-Nee Chuah and
               Jun Xu},
  title     = {Uncovering Global Icebergs in Distributed Streams: Results
               and Implications},
  journal   = {J. Network Syst. Manage.},
  volume    = {19},
  number    = {1},
  year      = {2011},
  pages     = {84-110},
}

@ARTICLE{HZhao:2010
  author    = {Haiquan (Chuck) Zhao and
               Ashwin Lall and
               Mitsunori Ogihara and
               Jun Xu},
  title     = {Global iceberg detection over distributed data streams},
  booktitle = {ICDE},
  year      = {2010},
  pages     = {557-568},
}


@inproceedings{YCEldar:2012,
  author    = {Yonina C. Eldar and Gitta Kutyniok},
  booktitle     = {Compressed Sensing: Theory and Applications},
  PUBLISHER = {Cambridge Univ. Press},
  year      = {2012},
}

@inbook{YCEldar2:2009,
  author    = {Y.C. Eldar and M. Mishali},
  title     = {Robust Recovery of Signals From a Structured Union of Subspaces},
  journal   = {IEEE, Transaction on Information Theory},
  volume    = {55},
  number    = {11},
  year      = {2009}
}

@ARTICLE{Baron:2005,
    author = {M.F. Duarte and S. Sarvotham and D. Baron and M.B. Wakin and R.G. Baraniuk},
    title = {Distributed compressed sensing of jointly sparse signals},
    booktitle = {In Asilomar Conf. Signals, Sys., Comput},
    year = {2005},
    pages = {1537--1541}
}

@inbook{Serpedin:2011,
  author    = {E. Serpedin and T. Chen and D. Rajan},
  booktitle     = {Mathematical Foundations for Signal Processing, Communications, and Networking},
  PUBLISHER = {CRC Press},
  year      = {2011},
}

@article{WDai:2009,
  author    = {W. Dai and O. Milenkovic},
  title     = {Subspaces Pursuit for Compressive Sensing: Closing the Gap Between Performance and Compelxity},
  journal   = {IEEE Transaction on Information Theory},
  volume    = {55},
  number    = {5},
pages = {2230-2250},
  year      = {2009}
}

@ARTICLE{AVarga:2001,
  author    = {A. Varga and P. Parrilo},
  title     = {Fast Algorithms for solving $H_{\infty}$-norm minimization problems},
 inproceedings  = {40st IEEE Conference on Decision and Control},
  volume    = {},
  number    = {},
  year      = {2001}
}

@BOOK{Hastie:2009,
  AUTHOR = {T. Hastier and R. Tibshirani and J.H. Friedman},
  TITLE = {The elements of statistical learning: data mining, inference, and prediction: with 200 full-color illustrations},
  YEAR = {2009},
  PUBLISHER = {New York: Springer-Verlag}
}

@misc{cvx,
  author       = {CVX Research, Inc.},
  title        = {{CVX}: Matlab Software for Disciplined Convex Programming, version 2.0},
  howpublished = {\url{http://cvxr.com/cvx}},
  month        = aug,
  year         = 2012
}

@ARTICLE{Benson:2011,
   AUTHOR  = {T. Benson and A. Anand and A. Akella and M. Zhang},
   TITLE   = {MicroTE: Fine Grained Trafﬁc Engineering for Data Centers},  
   YEAR    = {2011},
   JOURNAL = {ACM-IMC},
   VOLUME  = {},
   ISSUE  = {},
   PAGES   = {}
}

@ARTICLE{ Duffield:2006,
AUTHOR = { Nick Dufﬁeld },
TITLE = {Network Tomography of Binary Network Performance Characteristics}, 
YEAR = {2006},
JOURNAL = { IEEE Transactions on Information Theory },
VOLUME = {52},
ISSUE = {12},
PAGES = {5373–5388}
}

@inproceedings{Chao:2007,
  author    = {H.J. Chao},
  booktitle     = {High Performance Switches and Routers},
  PUBLISHER = {Wiley},
  year      = {2007},
}

@ARTICLE{ Roughan:2003,
AUTHOR = { Matthew Roughan and Mikkel Thorup and Yin Zhang},
TITLE = {Traffic engineering with estimated traffic matrices}, 
journal = { ACM-IMC},
YEAR = {2003}
}

@ARTICLE{Soule:2005,
 author = {Augustin Soule and Kav{\'e} Salamatian and Nina Taft},
 title = {Combining filtering and statistical methods for anomaly detection},
journal = {ACM SIGCOMM},
 year = {2005},
} 

@inproceedings{Medhi:2012,
  author    = {D. Medhi and  K. Ramasamy},
  booktitle     = {Network Routing: Algorithms, Protocols, and Architectures},
  PUBLISHER = {Morgan Kaufmann},
  year      = {2007},
}

@inproceedings{Hero:2010,
  author    = {A.O. Hero and D. Castañón and D. Cochran and K. Kastella},
  booktitle     = {Foundations and Applications of Sensor Management},
  PUBLISHER = {Springer},
  year      = {2010},
}

@ARTICLE{Fusco:2012,
 author = {F. Fusco and M. Vlachos l and X. Dimitropoulos},
 title = {RasterZip: compressing network monitoring data with support for partial decompression},
 booktitle = {ACM-IMC},
 year = {2012},
}

@ARTICLE{Duffield:2005,
    author = {Nick Duffield and Carsten Lund and Mikkel Thorup},
    title = {Learn More, Sample Less: Control of Volume and Variance in Network Measurement},
    journal = {IEEE TRANS. On INFO. THEORY},
    year = {2005},
    volume = {51},
    pages = {1756--1775}
}

@article{Duffield:2012,
 author = {N. Duffield},
 title = {Fair sampling across network flow measurements},
 journal = {ACM SIGMETRICS},
 year = {2012},
}

@ARTICLE{Tootoonchian:2010,
 author = {A. Tootoonchian and M. Ghobadi and Y. Ganjali},
 title = {OpenTM: traffic matrix estimator for OpenFlow networks},
 booktitle = {Proc. of 11th Conf on Passive and active measurement},
 publisher = {Springer-Verlag},
year = {2010}
}

@ARTICLE{Yu:2013,
 author = {C. Yu and C. Lumezanu and Y. Zhang and V. Singh and G. Jiang and H.V. Madhyastha},
 title = {FlowSense: monitoring network utilization with zero measurement cost},
booktitle = {Proc. of 14th Conf on Passive and active measurement},
 year = {2013},
publisher = {Springer-Verlag},
} 

@ARTICLE{MYu:2011,
 author = {L. Jose and M. Yu and J. Rexford},
 title = {Online measurement of large traffic aggregates on commodity switches},
 year = {2011},
journal = {ACM-Hot-ICE}
} 

@ARTICLE{MYu:2013,
 author = {M. Yu and L. Jose and R. Miao},
 title = {Software defined traffic measurement with OpenSketch},
 year = {2013},
JOURNAL = {ACM-USENIX}
} 

@ARTICLE{VAbolg:2010,
 author = {V. Abolghasemi and S. Ferdowsi and B. Makkiabadi and S. Sanei},
 title = {On Optimization of The Measurement Matrix for Compressive Sensing},
 year = {2010},
JOURNAL = {IEEE- EURASIP}
} 

@ARTICLE{Elad:2007,
    author = {M. Elad},
    title = {Optimized Projections for Compressed Sensing},
    journal = {IEEE Trans. On Signal Proc.},
    year = {2007},
    volume = {55(12)},
    pages = {5695-5702}
}


@article{BSYCEldar:2011,
  author = {L. Zelnik-Manor and K. Rosenblum and Y.C. Eldar},
  journal = {IEEE Trans. on Signal Proc.},
  number = {9},
  pages = {4300-4312},
  title = {Sensing Matrix Optimization for Block-Sparse Decoding},
  volume = {59},
  year = 2011
}

@article{DOYCEldar:2012,
  author = {L. Zelnik-Manor and K. Rosenblum and Y.C. Eldar},
  journal = {IEEE Trans. on Signal Proc.},
  number = {5},
volume = {60},
  pages = {2386 - 2395},
  title = {Dictionary Optimization for Block-Sparse Representations},
  year = 2012
}

@INPROCEEDINGS{Dressler:2006,
    author = {F. Dressler and G. Münz},
    title = {Flexible Flow Aggregation for Adaptive Network Monitoring},
    booktitle = {IN PROC. OF IEEE LCN WORKSHOP ON NETWORK MEASUREMENTS},
    year = {2006},
    publisher = {}
}

@inproceedings{Gittins:2010,
  author    = {J. Gittins and K. Glazebrook and R. Weber},
  booktitle     = {Multi-armed Bandit Allocation Indices},
  PUBLISHER = {Wiley},
  year      = {2011},
}

@article{GuhaMS:2010,
  author = {S. Guha and K. Munagala and P. Shi},
  journal = {J. ACM},
  number = 1,
  pages = 3,
  title = {Approximation algorithms for restless bandit problems.},
  volume = 58,
  year = 2010
}

@article{GittinsOptInd:1972,
   author    = {D. Jones and J. Gittins},
   title     = {A dynamic allocation index for the sequential design of experiments},
   journal   = {Progress in Statistics},
   year      = {1972},
   volume    = {Euro. Meet. Statis},
   pages     = {1:241–266}
}


@article{Whittle:1988,
   author    = {P. Whittle},
   title     = { Restless bandits: Activity allocation in a changing world},
   journal   = {Journal of applied probability},
   year      = {1988},
   pages     = {287–298}
}

@article{Weber:1990,
   author    = {R.Weber and G.Weiss},
   title     = {On an index policy for restless bandits},
   journal   = {Journal of Applied Probability},
   year      = {1990},
   pages     = {637–648}
}


@article{Agrawal:1995,
   author    = {R. Agrawal},
   title     = {Sample mean based index policies with o (log n) regret for the multi-armed bandit
problem},
   journal   = {Advances in Applied Probability},
   year      = {1995},
   pages     = {1054–1078}
}

@article{Lai:1985,
   author    = {T. Lai and H. Robbins},
   title     = {Asymptotically efficient adaptive allocation rules},
   journal   = {Advances in applied mathematics},
   volume = {6},
   number= {1},
   year      = {1985},
   pages     = {4-22}
}

@article{Auer:2002,
   author    = {P. Auer and N. Cesa-Bianchi, and P. Fischer},
   title     = {Finite-time analysis of the multiarmed bandit problem},
   journal   = {Machine learning},
   year      = {2002},
   volume = {47},
   number= {2}
}

@article{LiuZhaoDSEE:2012,
   author    = {H. Liu, K. Liu, and Q. Zhao},
   title     = {Learning in a changing world: Restless multi-armed bandit with
unknown dynamics},
   journal   = {IEEE Trans. on Info. Theory},
   year      = {2012},
   volume = {59},
   number= {3},
   pages     = {1902-1916}
}


@article{Kalyanakrishnan:2010,
   author    = {A. Kalyanakrishnan and P. Stone},
   title     = { Efficient Selection of Multiple Bandit Arms: Theory and Practice},
   journal   = {ACM-ICML},
   year      = {2010},
   pages     = {511-518}
}

@article{Kalyanakrishnan:2012,
   author    = {A. Kalyanakrishnan and A. Tewari and P. Auer and P. Stone},
   title     = { PAC Subset Selection in Stochastic Multi-armed Bandits},
   journal   = {ACM-ICML},
   year      = {2012},
}

@article{Even-Dar:2006,
 author = {E. Even-Dar and S. Mannor, and Y. Mansour},
 title = {Action Elimination and Stopping Conditions for the Multi-Armed Bandit and Reinforcement Learning Problems},
 journal = {J. Mach. Learn. Res.},
 year = {12/1/2006},
 volume = {7},
  year = {2006},
  pages = {1079--1105},
 numpages = {27},
}

@INPROCEEDINGS{Estan:2001,
    author = {Cristian Estan and George Varghese},
    title = {New Directions in Traffic Measurement and Accounting},
booktitle = {SIGCOMM Comput. Commun. Rev.}
year = {2001},
    pages = {75--80}
}

@ARTICLE{MininetOrg,
   AUTHOR  = {},
   TITLE   = {Miniet},  
   YEAR    = {},
   JOURNAL = {},
   VOLUME  = {},
   ISSUE  = {},
note ="At: \url{http://mininet.org/}"
}

@ARTICLE{CiscoNetFlow,
   AUTHOR  = {},
   TITLE   = {Cisco NetFlow},  
   YEAR    = {},
   JOURNAL = {},
   VOLUME  = {},
   ISSUE  = {},
note ="At: \url{http://en.wikipedia.org/wiki/Netflow}"
}

@ARTICLE{sFlow,
   AUTHOR  = {},
   TITLE   = {Sampled NetFlow},  
   YEAR    = {},
   JOURNAL = {},
   VOLUME  = {},
   ISSUE  = {},
note ="At: \url{http://www.cisco.com/en/US/docs/ios/12\ 0s/feature/
guide/12s\ sanf.html}"
}

@ARTICLE{DevoFlow:2011,
   AUTHOR  = {A.R. Curtis and J.C. Mogul and J. Tourrilhes and P. Yalagandula and P. Sharma and Sujata Banerjee},
   TITLE   = {DevoFlow: Scaling Flow Management for High-Performance Networks},  
   YEAR    = {2011},
   JOURNAL = {ACM-SIGCOMM},
   VOLUME  = {},
   ISSUE  = {},
}


@MISC{Kumar:2004,
    author = {A. Kumar and M. Sung and J. Xu and J. Wang},
    title = {Data Streaming Algorithms for Efficient and Accurate Estimation of Flow Size Distribution},
    year = {2004}
}

@inproceedings{HZhao:2007,
 author = {H. Zhao and A. Lall and M. Ogihara and O. Spatscheck and J. Wang and J. Xu},
 title = {A data streaming algorithm for estimating entropies of od flows},
 booktitle = {ACM-SIGCOMM},
 series = {IMC '07},
 year = {2007},
 pages = {279--290},
}

@inproceedings{Kumar:2006,
  author    = {A. Kumar and J. Xu},
  title     = {Sketch Guided Sampling - Using On-Line Estimates of Flow
               Size for Adaptive Data Collection},
  booktitle = {INFOCOM},
  year      = {2006},
}

@inproceedings{Hedera:2010,
 author = {M. Al-Fares and S. Radhakrishnan and B. Raghavan and N. Huang and A. Vahdat},
 title = {Hedera: dynamic flow scheduling for data center networks},
 booktitle = {USENIX},
 year = {2010},
}

@article{ProgMe:2011,
  author    = {L. Yuan and C.N. Chuah and P. Mohapatra},
  title     = {ProgME: towards programmable network measurement},
  journal   = {IEEE/ACM Trans. Netw.},
  volume    = {19},
  number    = {1},
  year      = {2011},
}

@article{Stojnic:2009,
  author    = {M. Stojnic and F. Parvaresh and B. Hassibi},
  title     = {On the Reconstruction of Block-Sparse Signals With an Optimal Number of Measurements},
  journal   = {IEEE Trans. Signal Processing},
  volume    = {57},
  issue    = {8},
  year      = {2009},
pages = {3075-3085},
}

@article{Boufounos:2011,
  author    = {P. Boufounos and G. Kutyniok and H. Rauhut},
  title     = {Sparse Recovery From Combined Fusion Frame Measurements},
  journal   = {IEEE Trans. on Information Theory},
  volume    = {57},
  issue    = {6},
  year      = {2011},
pages = {3864 - 3876},
}

@article{Adrichen:2014,
  author    = {N.L. van Adrichen and C. Doerr and F.A. Kuipers},
  title     = {OpenNetMon: Network Monitoring in OpenFlow Software-Defined Networks},
  journal   = {IEEE, INFOCOM},
  year      = {2014}
}

@article{YLiao:2011,
  author    = {Y. Liao and W. Duy and P. Geurtsz and G. Leduc},
  title     = {Decentralized Prediction of End-to-End Network Performance Classes},
  journal   = {ACM, CoNEXT},
  year      = {2011}
}

@article{Gursun:2011,
  author    = {G. Gursun and M. Crovella},
  title     = {On Traffic Matrix Completion in the Internet},
  journal   = {ACM,  IMC},
  year      = {2012}
}

@article{Candes:2009,
  author    = {E.J. Candes, and B. Recht},
  title     = {Exact Matrix Completion via Convex Optimization},
  journal   = {Foundations of Computational Mathematics},
  volume    = {9},
  issue    = {6},
  year      = {2009},
}

@article{Candes:2010,
  author    = {E.J. Candes, and Y. Plan},
  title     = {Matrix Completion with Noise},
  journal   = {Proc. of the IEEE},
  volume    = {98},
  issue    = {6},
  year      = {2010},
  pages = {925-936},
}

@article{Keshavan:2009,
  author    = {R. H. Keshavan and S. Oh, and A. Montanar},
  title     = {Matrix Completion From a Few Entries},
  journal   = {CoRR},
  year      = {2009},
}

@inproceedings{Talib:2009,
  author    = {El.G Talib},
  booktitle     = {Methaheuristics: From Design to Implementation},
  PUBLISHER = {John-Wiley},
  year      = {2009},
}

@article{Kachitvichyanuku:2012,
  author    = {V. Kachitvichyanukul},
  title     = {Comparison of Three Evolutionary Algorithms: GA, PSO and DE},
  journal   = {Industrial Engineering and Management Systems},
  volume    = {11},
  issue    = {3},
  year      = {2012},
  pages = {215-223},
}

@article{LMa1:2014,
  author    = {L. Ma and T.He and K.K. Leung and A. Swami and D. Towsley},
  title     = {Inferring Link Metrics from End-to-end Path Measurements: Identifiability and Monitor Placement},
  journal   = {IEEE/ACM Transactions on Networking},
  issue    = {May},
  year      = {2014}
}

@article{LMa2:2014,
  author    = {L. Ma and T.He and  K.K. Leung and A. Swami and D. Towsley},
  title     = {Monitor Placement for Maximal Identifiability in Network Tomography},
  journal   = {Proc. of IEEE INFOCOM},
  year      = {2014}
}

@article{XWang:2014,
  author    = {X. Wang and M. Malboubi and C.N. Chauh and S. Wang},
  title     = {Practical Approach to Identify Additive Link Metric with SHortest Path Routing},
  journal   = {To be submitted to IEEE, Communication Letters},
  year      = {2014}
}

@techreport{SNIPERTechReport:2014,
   AUTHOR  = {M. Malboubi and Y. Gong and W. Xiong and C.N. Chuah and P. Sharma},
   TITLE   = {Software defined Network Inference with Passive/active Evolutionary-optimal pRobing (SNIPER)},  
   YEAR    = {2014},
note ="At: \url{http://www.ece.ucdavis.edu/cerl/techreports/2014-2/}"
}

@article{Eberhart:2001,
  author    = {R.C. Eberhart and Y. Shi},
  title     = {Particle swarm optimization: developments, applications and resources},
  journal   = {Proceedings of the 2001 Congress on Evolutionary Computation},
  year      = {2001}
  volume    = {1},
  pages = {81-86},
}

@article{Clemmi:2006,
  author    = {A. Clemmi},
  title     = {Network Management Fundamentals},
  journal   = {Cisco Press},
  year      = {2006}
}

@article{JRBallard:2010,
  author    = {J. R. Ballard, and I. Rae, and A. Akella},
  title     = {Extensible and scalable network monitoring using opensafe},
  journal   = {Proc. INM/WREN},
  year      = {2010}
}

@article{JLedlie:2007,
  author    = {J. Ledlie, and P. Gardner, and M. I. Seltzer},
  title     = {Network coordinates in the wild},
  journal   = {In Proc. of USENIX NSDI},
  year      = {2007}
}


@article{Pietro:2008,
  author    = {A. Pietro, and D. Ficara, and S. Giordano, and F. Oppedisano, and G. Procissi},
  title     = {End to End Inference of Link Level Queueing Delay Distribution and Variance},
  journal   = {IEEE SPECTS 2008},
  year      = {2008}
}


@article{Bianchi:2014,
  author    = {G. Bianchi, and M. Bonola, and A. Capone, and C. Cascone},
  title     = {OpenState: Programming Platform-independent Stateful OpenFlow Applications Inisde the Switch},
  journal   = {ACM SIGCOMM},
  year      = {2014}
}

@article{Moshref:2014,
  author    = {M. Moshref, and A. Bhargava, and A. Gupta, and M. Yu, and R. Govindan},
  title     = {Flow-level State Transition as a New Switch Primitive for SDN},
  journal   = {ACM SIGCOMM (HotSDN)},
  year      = {2014}
}

@article{Rothenberg:2012,
  author    = {C. E. Rothenberg, and et al},
  title     = {Revisiting Routing Control Platforms with the Eyes and Muscles of Software-Defined Networking},
  journal   = {ACM SIGCOMM (HotSDN)},
  year      = {2012}
}

@article{WKim:2013,
  author    = {W Kim, and et. al.},
  title     = {Automated and Scalable QoS Control for Network Convergence},
}

@article{SDXGupta:2014,
  author    = {A. Gupta, and et. al.},
  title     = {SDX: A Software Defined Internet Exchange},
  journal   = {ACM SIGCOMM (HotSDN)},
  year      = {2014}
}






